@book{bertsekas2008introduction,
  author={Bertsekas, Dimitri and Tsitsiklis, John N},
  title={概率导论（第2版·修订版）},
  year={2016},
  publisher={人民邮电出版社}
}
misc{hitszprob,
  author={欧阳顺湘},
  title={哈尔滨工业大学（深圳）计算机学院本科生课程《概率论与数理统计》讲义},
  year={2020},
  note={}
}
book{casella2009statistical,
  author={Casella, George and Berger, Roger L},
  title={统计推断（翻译版·原书第2版）},
  year={2021},
  publisher={机械工业出版社}
}
book{ross2014introduction,
  author={Ross, Sheldon M},
  title={应用随机过程：概率模型导论},
  year={2016},
  publisher={人民邮电出版社}
}