@misc{ucasmatrix,
  author={叶世伟},
  title={中国科学院大学研究生课程《矩阵论》课件},
  year={2023--2024},
  note={},
}
@book{horn2012matrix,
  title={Matrix Analysis},
  author={Horn, Roger A and Johnson, Charles R},
  year={2012},
  publisher={Cambridge university press}
}
@book{axler2015linear,
  title={Linear Algebra Done Right},
  author={Axler, Sheldon},
  year={2015},
  publisher={Springer}
}